@misc{site:orgname:topictitle:datepublished,
  author          = "John Smith",
  title           = "{An example title for a references.bib}",
  month           = "January",
  year            = "1992",
  url             = "http://web-address-goes.here",
  note            = "(Accessed on dd/mm/yyyy)"
}

@misc{site:digitaldetective:acpoguide:201203,
  author          = "Janet Williams",
  title           = "{ACPO Good Practice Guide for Digital Evidence, SECTION 2 – THE PRINCIPLES OF DIGITAL EVIDENCE}",
  subtitle        = "{SECTION 2 – THE PRINCIPLES OF DIGITAL EVIDENCE}",
  month           = "March",
  year            = "2012",
  url             = "http://www.digital-detective.net/digital-forensics-documents/ACPO_Good_Practice_Guide_for_Digital_Evidence_v5.pdf",
  note            = "(Accessed on 02/05/2018)"
}
